
@book{assumptions,
  title={Using Multivariate Statistics},
  author={Tabachnick, B.G. and Fidell, L.S.},
  year={2013},
  publisher={Pearson Education},
  chapter={4.1.5},
}

@book{transformations,
  title={Using Multivariate Statistics},
  author={Tabachnick, B.G. and Fidell, L.S.},
  year={2013},
  publisher={Pearson Education},
  chapter={4.1.8},
}

@book{da,
  title={Applied Multivariate Statistical Analysis},
  author={Johnson, R.A and Wichern, D.W.},
  year={2007},
  publisher={Pearson Education},
  chapter={11},
}

@book{pca,
  title={Applied Multivariate Statistical Analysis},
  author={Johnson, R.A and Wichern, D.W.},
  year={2007},
  publisher={Pearson Education},
  chapter={8},
}

@book{pi,
  title={Applied Multivariate Statistical Analysis},
  author={Johnson, R.A and Wichern, D.W.},
  year={2007},
  publisher={Pearson Education},
  chapter={7.10},
}

@book{svm,
  title={Applied Multivariate Statistical Analysis},
  author={Hardle, W.K. and Simar, L.},
  year={2015},
  publisher={Springer-Verlag},
  chapter={20.4},
}


@misc{atlantic,
  author       = {{The Atlantic}},
  title        = {{How to Sex an Abalone: A Sea Snail's Story}},
  howpublished = {\url{https://www.theatlantic.com/health/archive/2010/03/how-to-sex-an-abalone-a-sea-snails-story/37198/}},
  year         = {2010},
  note         = {[Accessed on 28-11-2022]},
}

@misc{nsw,
  author       = {Heasman, M. and Savva, N.},
  title        = {{Manual for Intensive Hatchery Production of Abalone}},
  howpublished = {\url{http://www.dpi.nsw.gov.au/__data/assets/pdf_file/0013/222331/Manual-for-intensive-hatchery-production-of-abalone-section1.pdf}},
  year         = {2007},
  note         = {[Accessed on 28-11-2022]},
}

@misc{candy,
  author       = {{Candy Abalone}},
  title        = {{Australian Abalone}},
  howpublished = {\url{https://www.candyabalone.com/australian-abalone/}},
  year         = {2019},
  note         = {[Accessed on 28-11-2022]},
}

@misc{sanbi,
  author       = {{South African National Biodiversity Institute}},
  title        = {{South African Abalone}},
  howpublished = {\url{https://www.sanbi.org/animal-of-the-week/south-african-abalone/}},
  year         = {2018},
  note         = {[Accessed on 28-11-2022]},
}

@misc{jim,
  author       = {Jim Frost},
  title        = {{Choosing the Correct Type of Regression Analysis}},
  howpublished = {\url{https://statisticsbyjim.com/regression/choosing-regression-analysis/}},
  year         = {2017},
  note         = {[Accessed on 04-12-2022]},
}

@misc{david,
  author       = {David Hundley},
  title        = {{Five Reasons Your Machine Learning Model is Performing Poorly}},
  howpublished = {\url{https://dkhundley.medium.com/five-reasons-your-machine-learning-model-is-performing-poorly-f60287a24023}},
  year         = {2019},
  note         = {[Accessed on 04-12-2022]},
}

@misc{kenneth,
  author       = {Kenneth Leung},
  title        = {{Principal Component Regression â€” Clearly Explained and Implemented}},
  howpublished = {\url{https://towardsdatascience.com/principal-component-regression-clearly-explained-and-implemented-608471530a2f}},
  year         = {2022},
  note         = {[Accessed on 04-12-2022]},
}

@misc{otexts,
  author       = {Hyndman, R.J. and Athanasopoulos, G.},
  title        = {{Forecasting: principles and practice}},
  howpublished = {\url{https://otexts.com/fpp3/ftransformations.html}},
  year         = {2022},
  note         = {[Accessed on 07-12-2022]},
}

