@misc{atlantic,
  author       = {The Atlantic},
  title        = {{How to Sex an Abalone: A Sea Snail's Story}},
  howpublished = {\url{https://www.theatlantic.com/health/archive/2010/03/how-to-sex-an-abalone-a-sea-snails-story/37198/}},
  year         = {2010},
  note         = {[Accessed on 22-09-2022]},
}